%YAML 1.1
%TAG !u! tag:unity3d.com,2011:
--- !u!1 &2009121828056752506
GameObject:
  m_ObjectHideFlags: 0
  m_CorrespondingSourceObject: {fileID: 0}
  m_PrefabInstance: {fileID: 0}
  m_PrefabAsset: {fileID: 0}
  serializedVersion: 6
  m_Component:
  - component: {fileID: 7491308260083396034}
  - component: {fileID: 1504682592475075215}
  m_Layer: 0
  m_Name: S1_Gate
  m_TagString: Untagged
  m_Icon: {fileID: 0}
  m_NavMeshLayer: 0
  m_StaticEditorFlags: 0
  m_IsActive: 1
--- !u!4 &7491308260083396034
Transform:
  m_ObjectHideFlags: 0
  m_CorrespondingSourceObject: {fileID: 0}
  m_PrefabInstance: {fileID: 0}
  m_PrefabAsset: {fileID: 0}
  m_GameObject: {fileID: 2009121828056752506}
  m_LocalRotation: {x: 0, y: 0, z: 0, w: 1}
  m_LocalPosition: {x: 4.906, y: 2.5, z: 0}
  m_LocalScale: {x: 1, y: 1, z: 1}
  m_Children: []
  m_Father: {fileID: 8567090510199614285}
  m_RootOrder: 5
  m_LocalEulerAnglesHint: {x: 0, y: 0, z: 0}
--- !u!212 &1504682592475075215
SpriteRenderer:
  m_ObjectHideFlags: 0
  m_CorrespondingSourceObject: {fileID: 0}
  m_PrefabInstance: {fileID: 0}
  m_PrefabAsset: {fileID: 0}
  m_GameObject: {fileID: 2009121828056752506}
  m_Enabled: 1
  m_CastShadows: 0
  m_ReceiveShadows: 0
  m_DynamicOccludee: 1
  m_MotionVectors: 1
  m_LightProbeUsage: 1
  m_ReflectionProbeUsage: 1
  m_RayTracingMode: 0
  m_RenderingLayerMask: 1
  m_RendererPriority: 0
  m_Materials:
  - {fileID: 10754, guid: 0000000000000000f000000000000000, type: 0}
  m_StaticBatchInfo:
    firstSubMesh: 0
    subMeshCount: 0
  m_StaticBatchRoot: {fileID: 0}
  m_ProbeAnchor: {fileID: 0}
  m_LightProbeVolumeOverride: {fileID: 0}
  m_ScaleInLightmap: 1
  m_ReceiveGI: 1
  m_PreserveUVs: 0
  m_IgnoreNormalsForChartDetection: 0
  m_ImportantGI: 0
  m_StitchLightmapSeams: 1
  m_SelectedEditorRenderState: 0
  m_MinimumChartSize: 4
  m_AutoUVMaxDistance: 0.5
  m_AutoUVMaxAngle: 89
  m_LightmapParameters: {fileID: 0}
  m_SortingLayerID: 0
  m_SortingLayer: 0
  m_SortingOrder: 10
  m_Sprite: {fileID: 888913034215415661, guid: 37e896203807684429547b23afc96e41, type: 3}
  m_Color: {r: 1, g: 1, b: 1, a: 1}
  m_FlipX: 0
  m_FlipY: 0
  m_DrawMode: 0
  m_Size: {x: 4.5625, y: 2.6875}
  m_AdaptiveModeThreshold: 0.5
  m_SpriteTileMode: 0
  m_WasSpriteAssigned: 1
  m_MaskInteraction: 0
  m_SpriteSortPoint: 0
--- !u!1 &2197898679391778725
GameObject:
  m_ObjectHideFlags: 0
  m_CorrespondingSourceObject: {fileID: 0}
  m_PrefabInstance: {fileID: 0}
  m_PrefabAsset: {fileID: 0}
  serializedVersion: 6
  m_Component:
  - component: {fileID: 7953290205015577635}
  - component: {fileID: 225090951619948446}
  - component: {fileID: 3829121634547524189}
  - component: {fileID: 3669883198108649551}
  - component: {fileID: 961153630738602719}
  m_Layer: 0
  m_Name: S1_doorLock
  m_TagString: Untagged
  m_Icon: {fileID: 5132851093641282708, guid: 0000000000000000d000000000000000, type: 0}
  m_NavMeshLayer: 0
  m_StaticEditorFlags: 0
  m_IsActive: 1
--- !u!4 &7953290205015577635
Transform:
  m_ObjectHideFlags: 0
  m_CorrespondingSourceObject: {fileID: 0}
  m_PrefabInstance: {fileID: 0}
  m_PrefabAsset: {fileID: 0}
  m_GameObject: {fileID: 2197898679391778725}
  m_LocalRotation: {x: 0, y: 0, z: 0, w: 1}
  m_LocalPosition: {x: 5.033, y: 2.063, z: 0}
  m_LocalScale: {x: 1, y: 1, z: 1}
  m_Children: []
  m_Father: {fileID: 8567090510199614285}
  m_RootOrder: 11
  m_LocalEulerAnglesHint: {x: 0, y: 0, z: 0}
--- !u!61 &225090951619948446
BoxCollider2D:
  m_ObjectHideFlags: 0
  m_CorrespondingSourceObject: {fileID: 0}
  m_PrefabInstance: {fileID: 0}
  m_PrefabAsset: {fileID: 0}
  m_GameObject: {fileID: 2197898679391778725}
  m_Enabled: 1
  m_Density: 1
  m_Material: {fileID: 0}
  m_IsTrigger: 1
  m_UsedByEffector: 0
  m_UsedByComposite: 0
  m_Offset: {x: 0, y: 0}
  m_SpriteTilingProperty:
    border: {x: 0, y: 0, z: 0, w: 0}
    pivot: {x: 0, y: 0}
    oldSize: {x: 0, y: 0}
    newSize: {x: 0, y: 0}
    adaptiveTilingThreshold: 0
    drawMode: 0
    adaptiveTiling: 0
  m_AutoTiling: 0
  serializedVersion: 2
  m_Size: {x: 0.25, y: 1}
  m_EdgeRadius: 0
--- !u!114 &3829121634547524189
MonoBehaviour:
  m_ObjectHideFlags: 0
  m_CorrespondingSourceObject: {fileID: 0}
  m_PrefabInstance: {fileID: 0}
  m_PrefabAsset: {fileID: 0}
  m_GameObject: {fileID: 2197898679391778725}
  m_Enabled: 1
  m_EditorHideFlags: 0
  m_Script: {fileID: 11500000, guid: 127472d0f32d3fd4aafdcb544c83f40e, type: 3}
  m_Name: 
  m_EditorClassIdentifier: 
  condition: 11
  btnName: 5
  actionA: {fileID: 3669883198108649551}
  actionB: {fileID: 961153630738602719}
--- !u!114 &3669883198108649551
MonoBehaviour:
  m_ObjectHideFlags: 0
  m_CorrespondingSourceObject: {fileID: 0}
  m_PrefabInstance: {fileID: 0}
  m_PrefabAsset: {fileID: 0}
  m_GameObject: {fileID: 2197898679391778725}
  m_Enabled: 1
  m_EditorHideFlags: 0
  m_Script: {fileID: 11500000, guid: ee276e1b9a352a644a3deb4b7425430c, type: 3}
  m_Name: 
  m_EditorClassIdentifier: 
  pairs:
  - gameObject: {fileID: 6219476784678346812}
    activate: 1
  - gameObject: {fileID: 2009121828056752506}
    activate: 0
  - gameObject: {fileID: 2197898679391778725}
    activate: 0
  postActionNotificationMessage: "\u0414\u0432\u0435\u0440\u044C \u043E\u0442\u043A\u0440\u044B\u043A\u0430.
    \u0417\u0430\u0445\u043E\u0434\u0438!"
--- !u!114 &961153630738602719
MonoBehaviour:
  m_ObjectHideFlags: 0
  m_CorrespondingSourceObject: {fileID: 0}
  m_PrefabInstance: {fileID: 0}
  m_PrefabAsset: {fileID: 0}
  m_GameObject: {fileID: 2197898679391778725}
  m_Enabled: 1
  m_EditorHideFlags: 0
  m_Script: {fileID: 11500000, guid: a7e29d9645c97d3439cb0647649602a9, type: 3}
  m_Name: 
  m_EditorClassIdentifier: 
  message: "\u041D\u0443\u0436\u043D\u044B \u043A\u043B\u044E\u0447\u0438. \u0421\u043F\u0440\u043E\u0441\u0438
    \u043D\u0430 \u043F\u043E\u0447\u0442\u0435."
--- !u!1 &2297147751592150569
GameObject:
  m_ObjectHideFlags: 0
  m_CorrespondingSourceObject: {fileID: 0}
  m_PrefabInstance: {fileID: 0}
  m_PrefabAsset: {fileID: 0}
  serializedVersion: 6
  m_Component:
  - component: {fileID: 419828261654656233}
  - component: {fileID: 8445366115244862141}
  - component: {fileID: 1746466639200826101}
  - component: {fileID: 6000549979507899197}
  m_Layer: 0
  m_Name: QuestPostItem (2)
  m_TagString: Untagged
  m_Icon: {fileID: 5132851093641282708, guid: 0000000000000000d000000000000000, type: 0}
  m_NavMeshLayer: 0
  m_StaticEditorFlags: 0
  m_IsActive: 0
--- !u!4 &419828261654656233
Transform:
  m_ObjectHideFlags: 0
  m_CorrespondingSourceObject: {fileID: 0}
  m_PrefabInstance: {fileID: 0}
  m_PrefabAsset: {fileID: 0}
  m_GameObject: {fileID: 2297147751592150569}
  m_LocalRotation: {x: -0, y: -0, z: -0, w: 1}
  m_LocalPosition: {x: 26.51, y: 1.73, z: -3.0312505}
  m_LocalScale: {x: 1, y: 1, z: 1}
  m_Children: []
  m_Father: {fileID: 8567090510199614285}
  m_RootOrder: 10
  m_LocalEulerAnglesHint: {x: 0, y: 0, z: 0}
--- !u!61 &8445366115244862141
BoxCollider2D:
  m_ObjectHideFlags: 0
  m_CorrespondingSourceObject: {fileID: 0}
  m_PrefabInstance: {fileID: 0}
  m_PrefabAsset: {fileID: 0}
  m_GameObject: {fileID: 2297147751592150569}
  m_Enabled: 1
  m_Density: 1
  m_Material: {fileID: 0}
  m_IsTrigger: 1
  m_UsedByEffector: 0
  m_UsedByComposite: 0
  m_Offset: {x: 0, y: 0}
  m_SpriteTilingProperty:
    border: {x: 0, y: 0, z: 0, w: 0}
    pivot: {x: 0, y: 0}
    oldSize: {x: 0, y: 0}
    newSize: {x: 0, y: 0}
    adaptiveTilingThreshold: 0
    drawMode: 0
    adaptiveTiling: 0
  m_AutoTiling: 0
  serializedVersion: 2
  m_Size: {x: 0.5, y: 1}
  m_EdgeRadius: 0
--- !u!114 &1746466639200826101
MonoBehaviour:
  m_ObjectHideFlags: 0
  m_CorrespondingSourceObject: {fileID: 0}
  m_PrefabInstance: {fileID: 0}
  m_PrefabAsset: {fileID: 0}
  m_GameObject: {fileID: 2297147751592150569}
  m_Enabled: 1
  m_EditorHideFlags: 0
  m_Script: {fileID: 11500000, guid: 127472d0f32d3fd4aafdcb544c83f40e, type: 3}
  m_Name: 
  m_EditorClassIdentifier: 
  condition: 1
  btnName: 7
  actionA: {fileID: 6000549979507899197}
  actionB: {fileID: 0}
--- !u!114 &6000549979507899197
MonoBehaviour:
  m_ObjectHideFlags: 0
  m_CorrespondingSourceObject: {fileID: 0}
  m_PrefabInstance: {fileID: 0}
  m_PrefabAsset: {fileID: 0}
  m_GameObject: {fileID: 2297147751592150569}
  m_Enabled: 1
  m_EditorHideFlags: 0
  m_Script: {fileID: 11500000, guid: 8faf875f5b6be0e43ab1f06aeb972399, type: 3}
  m_Name: 
  m_EditorClassIdentifier: 
--- !u!1 &3221235132153742616
GameObject:
  m_ObjectHideFlags: 0
  m_CorrespondingSourceObject: {fileID: 0}
  m_PrefabInstance: {fileID: 0}
  m_PrefabAsset: {fileID: 0}
  serializedVersion: 6
  m_Component:
  - component: {fileID: 914458609942647991}
  - component: {fileID: 3663147764765339324}
  m_Layer: 0
  m_Name: Sprite_Atlas_00_28 (1)
  m_TagString: Untagged
  m_Icon: {fileID: 0}
  m_NavMeshLayer: 0
  m_StaticEditorFlags: 0
  m_IsActive: 1
--- !u!4 &914458609942647991
Transform:
  m_ObjectHideFlags: 0
  m_CorrespondingSourceObject: {fileID: 0}
  m_PrefabInstance: {fileID: 0}
  m_PrefabAsset: {fileID: 0}
  m_GameObject: {fileID: 3221235132153742616}
  m_LocalRotation: {x: -0, y: -0, z: -0, w: 1}
  m_LocalPosition: {x: 0.675, y: 1.09, z: 0}
  m_LocalScale: {x: 1, y: 1, z: 1}
  m_Children: []
  m_Father: {fileID: 8567090510199614285}
  m_RootOrder: 3
  m_LocalEulerAnglesHint: {x: 0, y: 0, z: 0}
--- !u!212 &3663147764765339324
SpriteRenderer:
  m_ObjectHideFlags: 0
  m_CorrespondingSourceObject: {fileID: 0}
  m_PrefabInstance: {fileID: 0}
  m_PrefabAsset: {fileID: 0}
  m_GameObject: {fileID: 3221235132153742616}
  m_Enabled: 1
  m_CastShadows: 0
  m_ReceiveShadows: 0
  m_DynamicOccludee: 1
  m_MotionVectors: 1
  m_LightProbeUsage: 1
  m_ReflectionProbeUsage: 1
  m_RayTracingMode: 0
  m_RenderingLayerMask: 1
  m_RendererPriority: 0
  m_Materials:
  - {fileID: 10754, guid: 0000000000000000f000000000000000, type: 0}
  m_StaticBatchInfo:
    firstSubMesh: 0
    subMeshCount: 0
  m_StaticBatchRoot: {fileID: 0}
  m_ProbeAnchor: {fileID: 0}
  m_LightProbeVolumeOverride: {fileID: 0}
  m_ScaleInLightmap: 1
  m_ReceiveGI: 1
  m_PreserveUVs: 0
  m_IgnoreNormalsForChartDetection: 0
  m_ImportantGI: 0
  m_StitchLightmapSeams: 1
  m_SelectedEditorRenderState: 0
  m_MinimumChartSize: 4
  m_AutoUVMaxDistance: 0.5
  m_AutoUVMaxAngle: 89
  m_LightmapParameters: {fileID: 0}
  m_SortingLayerID: 0
  m_SortingLayer: 0
  m_SortingOrder: 10
  m_Sprite: {fileID: -3414627496564980153, guid: 51705a1af2e6f5549a2f8b3535f331b1,
    type: 3}
  m_Color: {r: 1, g: 1, b: 1, a: 1}
  m_FlipX: 0
  m_FlipY: 0
  m_DrawMode: 0
  m_Size: {x: 2.90625, y: 2.8125}
  m_AdaptiveModeThreshold: 0.5
  m_SpriteTileMode: 0
  m_WasSpriteAssigned: 1
  m_MaskInteraction: 0
  m_SpriteSortPoint: 0
--- !u!1 &4550909877694767693
GameObject:
  m_ObjectHideFlags: 0
  m_CorrespondingSourceObject: {fileID: 0}
  m_PrefabInstance: {fileID: 0}
  m_PrefabAsset: {fileID: 0}
  serializedVersion: 6
  m_Component:
  - component: {fileID: 4914505495837398811}
  - component: {fileID: 3018311980326367226}
  - component: {fileID: 8819245602075569790}
  - component: {fileID: 2478848766310096664}
  m_Layer: 0
  m_Name: QuestPostItem (1)
  m_TagString: Untagged
  m_Icon: {fileID: 5132851093641282708, guid: 0000000000000000d000000000000000, type: 0}
  m_NavMeshLayer: 0
  m_StaticEditorFlags: 0
  m_IsActive: 0
--- !u!4 &4914505495837398811
Transform:
  m_ObjectHideFlags: 0
  m_CorrespondingSourceObject: {fileID: 0}
  m_PrefabInstance: {fileID: 0}
  m_PrefabAsset: {fileID: 0}
  m_GameObject: {fileID: 4550909877694767693}
  m_LocalRotation: {x: -0, y: -0, z: -0, w: 1}
  m_LocalPosition: {x: 21.48, y: 1.73, z: -3.0312505}
  m_LocalScale: {x: 1, y: 1, z: 1}
  m_Children: []
  m_Father: {fileID: 8567090510199614285}
  m_RootOrder: 9
  m_LocalEulerAnglesHint: {x: 0, y: 0, z: 0}
--- !u!61 &3018311980326367226
BoxCollider2D:
  m_ObjectHideFlags: 0
  m_CorrespondingSourceObject: {fileID: 0}
  m_PrefabInstance: {fileID: 0}
  m_PrefabAsset: {fileID: 0}
  m_GameObject: {fileID: 4550909877694767693}
  m_Enabled: 1
  m_Density: 1
  m_Material: {fileID: 0}
  m_IsTrigger: 1
  m_UsedByEffector: 0
  m_UsedByComposite: 0
  m_Offset: {x: 0, y: 0}
  m_SpriteTilingProperty:
    border: {x: 0, y: 0, z: 0, w: 0}
    pivot: {x: 0, y: 0}
    oldSize: {x: 0, y: 0}
    newSize: {x: 0, y: 0}
    adaptiveTilingThreshold: 0
    drawMode: 0
    adaptiveTiling: 0
  m_AutoTiling: 0
  serializedVersion: 2
  m_Size: {x: 0.5, y: 1}
  m_EdgeRadius: 0
--- !u!114 &8819245602075569790
MonoBehaviour:
  m_ObjectHideFlags: 0
  m_CorrespondingSourceObject: {fileID: 0}
  m_PrefabInstance: {fileID: 0}
  m_PrefabAsset: {fileID: 0}
  m_GameObject: {fileID: 4550909877694767693}
  m_Enabled: 1
  m_EditorHideFlags: 0
  m_Script: {fileID: 11500000, guid: 127472d0f32d3fd4aafdcb544c83f40e, type: 3}
  m_Name: 
  m_EditorClassIdentifier: 
  condition: 1
  btnName: 7
  actionA: {fileID: 2478848766310096664}
  actionB: {fileID: 0}
--- !u!114 &2478848766310096664
MonoBehaviour:
  m_ObjectHideFlags: 0
  m_CorrespondingSourceObject: {fileID: 0}
  m_PrefabInstance: {fileID: 0}
  m_PrefabAsset: {fileID: 0}
  m_GameObject: {fileID: 4550909877694767693}
  m_Enabled: 1
  m_EditorHideFlags: 0
  m_Script: {fileID: 11500000, guid: 8faf875f5b6be0e43ab1f06aeb972399, type: 3}
  m_Name: 
  m_EditorClassIdentifier: 
--- !u!1 &5646105887760465953
GameObject:
  m_ObjectHideFlags: 0
  m_CorrespondingSourceObject: {fileID: 0}
  m_PrefabInstance: {fileID: 0}
  m_PrefabAsset: {fileID: 0}
  serializedVersion: 6
  m_Component:
  - component: {fileID: 702862229719412886}
  - component: {fileID: 4705906591275538524}
  - component: {fileID: 2192786930581895427}
  - component: {fileID: 4999290721303776164}
  - component: {fileID: 1762582708277525070}
  m_Layer: 0
  m_Name: S1_outdoor_StartDialog
  m_TagString: Untagged
  m_Icon: {fileID: -964228994112308473, guid: 0000000000000000d000000000000000, type: 0}
  m_NavMeshLayer: 0
  m_StaticEditorFlags: 0
  m_IsActive: 1
--- !u!4 &702862229719412886
Transform:
  m_ObjectHideFlags: 0
  m_CorrespondingSourceObject: {fileID: 0}
  m_PrefabInstance: {fileID: 0}
  m_PrefabAsset: {fileID: 0}
  m_GameObject: {fileID: 5646105887760465953}
  m_LocalRotation: {x: 0, y: 0, z: 0, w: 1}
  m_LocalPosition: {x: 3.82, y: 2.37, z: 0}
  m_LocalScale: {x: 0.25, y: 1, z: 1}
  m_Children: []
  m_Father: {fileID: 8567090510199614285}
  m_RootOrder: 7
  m_LocalEulerAnglesHint: {x: 0, y: 0, z: 0}
--- !u!114 &4705906591275538524
MonoBehaviour:
  m_ObjectHideFlags: 0
  m_CorrespondingSourceObject: {fileID: 0}
  m_PrefabInstance: {fileID: 0}
  m_PrefabAsset: {fileID: 0}
  m_GameObject: {fileID: 5646105887760465953}
  m_Enabled: 1
  m_EditorHideFlags: 0
  m_Script: {fileID: 11500000, guid: 5c7ee37ada4b7534e8dc6faec5ea81ea, type: 3}
  m_Name: 
  m_EditorClassIdentifier: 
  action: {fileID: 2192786930581895427}
--- !u!114 &2192786930581895427
MonoBehaviour:
  m_ObjectHideFlags: 0
  m_CorrespondingSourceObject: {fileID: 0}
  m_PrefabInstance: {fileID: 0}
  m_PrefabAsset: {fileID: 0}
  m_GameObject: {fileID: 5646105887760465953}
  m_Enabled: 1
  m_EditorHideFlags: 0
  m_Script: {fileID: 11500000, guid: 6c93f9974e650a04d8e93f088ad1dc6a, type: 3}
  m_Name: 
  m_EditorClassIdentifier: 
  dialog: {fileID: 4999290721303776164}
  npcSoundType: 0
--- !u!114 &4999290721303776164
MonoBehaviour:
  m_ObjectHideFlags: 0
  m_CorrespondingSourceObject: {fileID: 0}
  m_PrefabInstance: {fileID: 0}
  m_PrefabAsset: {fileID: 0}
  m_GameObject: {fileID: 5646105887760465953}
  m_Enabled: 1
  m_EditorHideFlags: 0
  m_Script: {fileID: 11500000, guid: 2c23b2cf5b3556b4eb68a3eaa53fd90f, type: 3}
  m_Name: 
  m_EditorClassIdentifier: 
  dialogArray:
  - name: 5
    message: "\u0411\u043B\u044F\u0442\u044C!"
  - name: 5
    message: "\u0415\u0449\u0435 \u0438 \u0437\u0430\u043C\u043E\u043A \u0432\u0438\u0441\u0438\u0442.
      \u041D\u0438\u043A\u0442\u043E \u043D\u0438\u0447\u0435\u0433\u043E \u043D\u0435
      \u0441\u043A\u0430\u0437\u0430\u043B."
  - name: 5
    message: "\u0412\u0441\u0435\u0445, \u0441\u0443\u043A\u0430, \u043F\u043E\u0441\u043E\u043A\u0440\u0430\u0442\u0438\u043B\u0438,
      \u043C\u043D\u0435 \u0442\u0435\u043F\u0435\u0440\u044C \u0440\u0430\u0441\u0445\u043B\u0451\u0431\u044B\u0432\u0430\u0442\u044C.
      \u0412\u043E\u0442 \u0433\u0434\u0435 \u0442\u0435\u043F\u0435\u0440\u044C
      \u043A\u043B\u044E\u0447 \u0438\u0441\u043A\u0430\u0442\u044C!"
  - name: 5
    message: "\u041E, \u0440\u044F\u0434\u043E\u043C \u043F\u043E\u0447\u0442\u0430.
      \u0421\u0442\u0440\u0430\u043D\u043D\u043E, \u0435\u0449\u0451 \u0440\u0430\u0431\u043E\u0442\u0430\u0435\u0442.
      \u041F\u043E\u0439\u0434\u0443 \u0442\u0430\u043C \u0441\u043F\u0440\u043E\u0448\u0443."
  defaultDialog:
    name: 5
    message: "\u0423\u0441\u0451."
--- !u!61 &1762582708277525070
BoxCollider2D:
  m_ObjectHideFlags: 0
  m_CorrespondingSourceObject: {fileID: 0}
  m_PrefabInstance: {fileID: 0}
  m_PrefabAsset: {fileID: 0}
  m_GameObject: {fileID: 5646105887760465953}
  m_Enabled: 1
  m_Density: 1
  m_Material: {fileID: 0}
  m_IsTrigger: 1
  m_UsedByEffector: 0
  m_UsedByComposite: 0
  m_Offset: {x: 0, y: 0}
  m_SpriteTilingProperty:
    border: {x: 0, y: 0, z: 0, w: 0}
    pivot: {x: 0, y: 0}
    oldSize: {x: 0, y: 0}
    newSize: {x: 0, y: 0}
    adaptiveTilingThreshold: 0
    drawMode: 0
    adaptiveTiling: 0
  m_AutoTiling: 0
  serializedVersion: 2
  m_Size: {x: 1, y: 1}
  m_EdgeRadius: 0
--- !u!1 &6078347608420720290
GameObject:
  m_ObjectHideFlags: 0
  m_CorrespondingSourceObject: {fileID: 0}
  m_PrefabInstance: {fileID: 0}
  m_PrefabAsset: {fileID: 0}
  serializedVersion: 6
  m_Component:
  - component: {fileID: 539559716357425065}
  - component: {fileID: 991966162355983084}
  - component: {fileID: 8126357482641370029}
  - component: {fileID: 1304456658831692854}
  - component: {fileID: 4212100351304910419}
  m_Layer: 0
  m_Name: ExitLocation
  m_TagString: Untagged
  m_Icon: {fileID: -964228994112308473, guid: 0000000000000000d000000000000000, type: 0}
  m_NavMeshLayer: 0
  m_StaticEditorFlags: 0
  m_IsActive: 1
--- !u!4 &539559716357425065
Transform:
  m_ObjectHideFlags: 0
  m_CorrespondingSourceObject: {fileID: 0}
  m_PrefabInstance: {fileID: 0}
  m_PrefabAsset: {fileID: 0}
  m_GameObject: {fileID: 6078347608420720290}
  m_LocalRotation: {x: 0, y: 0, z: 0, w: 1}
  m_LocalPosition: {x: 1, y: 2.52, z: 0}
  m_LocalScale: {x: 0.5, y: 1, z: 1}
  m_Children: []
  m_Father: {fileID: 8567090510199614285}
  m_RootOrder: 4
  m_LocalEulerAnglesHint: {x: 0, y: 0, z: 0}
--- !u!114 &991966162355983084
MonoBehaviour:
  m_ObjectHideFlags: 0
  m_CorrespondingSourceObject: {fileID: 0}
  m_PrefabInstance: {fileID: 0}
  m_PrefabAsset: {fileID: 0}
  m_GameObject: {fileID: 6078347608420720290}
  m_Enabled: 1
  m_EditorHideFlags: 0
  m_Script: {fileID: 11500000, guid: 127472d0f32d3fd4aafdcb544c83f40e, type: 3}
  m_Name: 
  m_EditorClassIdentifier: 
  condition: 13
  btnName: 3
  actionA: {fileID: 8126357482641370029}
  actionB: {fileID: 4212100351304910419}
--- !u!114 &8126357482641370029
MonoBehaviour:
  m_ObjectHideFlags: 0
  m_CorrespondingSourceObject: {fileID: 0}
  m_PrefabInstance: {fileID: 0}
  m_PrefabAsset: {fileID: 0}
  m_GameObject: {fileID: 6078347608420720290}
  m_Enabled: 1
  m_EditorHideFlags: 0
  m_Script: {fileID: 11500000, guid: a2abb07be96e3be4488368b1f806fa82, type: 3}
  m_Name: 
  m_EditorClassIdentifier: 
  parentScene: {fileID: 2106853355010152599}
  nextScene: {fileID: 0}
--- !u!61 &1304456658831692854
BoxCollider2D:
  m_ObjectHideFlags: 0
  m_CorrespondingSourceObject: {fileID: 0}
  m_PrefabInstance: {fileID: 0}
  m_PrefabAsset: {fileID: 0}
  m_GameObject: {fileID: 6078347608420720290}
  m_Enabled: 1
  m_Density: 1
  m_Material: {fileID: 0}
  m_IsTrigger: 1
  m_UsedByEffector: 0
  m_UsedByComposite: 0
  m_Offset: {x: 0, y: 0}
  m_SpriteTilingProperty:
    border: {x: 0, y: 0, z: 0, w: 0}
    pivot: {x: 0, y: 0}
    oldSize: {x: 0, y: 0}
    newSize: {x: 0, y: 0}
    adaptiveTilingThreshold: 0
    drawMode: 0
    adaptiveTiling: 0
  m_AutoTiling: 0
  serializedVersion: 2
  m_Size: {x: 1, y: 1}
  m_EdgeRadius: 0
--- !u!114 &4212100351304910419
MonoBehaviour:
  m_ObjectHideFlags: 0
  m_CorrespondingSourceObject: {fileID: 0}
  m_PrefabInstance: {fileID: 0}
  m_PrefabAsset: {fileID: 0}
  m_GameObject: {fileID: 6078347608420720290}
  m_Enabled: 1
  m_EditorHideFlags: 0
  m_Script: {fileID: 11500000, guid: a7e29d9645c97d3439cb0647649602a9, type: 3}
  m_Name: 
  m_EditorClassIdentifier: 
  message: "\u0421\u043D\u0430\u0447\u0430\u043B\u043E \u043F\u043E\u0434\u043A\u043B\u044E\u0447\u0438
    \u0430\u0431\u043E\u043D\u0435\u043D\u0442\u0430 \u043D\u0430 \u0441\u0442\u0430\u043D\u0446\u0438\u0438."
--- !u!1 &6078703618554320264
GameObject:
  m_ObjectHideFlags: 0
  m_CorrespondingSourceObject: {fileID: 0}
  m_PrefabInstance: {fileID: 0}
  m_PrefabAsset: {fileID: 0}
  serializedVersion: 6
  m_Component:
  - component: {fileID: 1085900762761132858}
  - component: {fileID: 200006340172412657}
  - component: {fileID: 7708844634105384215}
  - component: {fileID: 1953024213}
  - component: {fileID: 1953024217}
  m_Layer: 0
  m_Name: Coffee
  m_TagString: Untagged
  m_Icon: {fileID: 0}
  m_NavMeshLayer: 0
  m_StaticEditorFlags: 0
  m_IsActive: 1
--- !u!4 &1085900762761132858
Transform:
  m_ObjectHideFlags: 0
  m_CorrespondingSourceObject: {fileID: 0}
  m_PrefabInstance: {fileID: 0}
  m_PrefabAsset: {fileID: 0}
  m_GameObject: {fileID: 6078703618554320264}
  m_LocalRotation: {x: 0, y: 0, z: 0, w: 1}
  m_LocalPosition: {x: 19.71, y: 2.25, z: 0}
  m_LocalScale: {x: 0.5, y: 1, z: 1}
  m_Children: []
  m_Father: {fileID: 8567090510199614285}
  m_RootOrder: 6
  m_LocalEulerAnglesHint: {x: 0, y: 0, z: 0}
--- !u!61 &200006340172412657
BoxCollider2D:
  m_ObjectHideFlags: 0
  m_CorrespondingSourceObject: {fileID: 0}
  m_PrefabInstance: {fileID: 0}
  m_PrefabAsset: {fileID: 0}
  m_GameObject: {fileID: 6078703618554320264}
  m_Enabled: 1
  m_Density: 1
  m_Material: {fileID: 0}
  m_IsTrigger: 1
  m_UsedByEffector: 0
  m_UsedByComposite: 0
  m_Offset: {x: 0, y: 0}
  m_SpriteTilingProperty:
    border: {x: 0, y: 0, z: 0, w: 0}
    pivot: {x: 0, y: 0}
    oldSize: {x: 0, y: 0}
    newSize: {x: 0, y: 0}
    adaptiveTilingThreshold: 0
    drawMode: 0
    adaptiveTiling: 0
  m_AutoTiling: 0
  serializedVersion: 2
  m_Size: {x: 1, y: 1}
  m_EdgeRadius: 0
--- !u!114 &7708844634105384215
MonoBehaviour:
  m_ObjectHideFlags: 0
  m_CorrespondingSourceObject: {fileID: 0}
  m_PrefabInstance: {fileID: 0}
  m_PrefabAsset: {fileID: 0}
  m_GameObject: {fileID: 6078703618554320264}
  m_Enabled: 1
  m_EditorHideFlags: 0
  m_Script: {fileID: 11500000, guid: 127472d0f32d3fd4aafdcb544c83f40e, type: 3}
  m_Name: 
  m_EditorClassIdentifier: 
  condition: 1
  btnName: 5
  actionA: {fileID: 1953024213}
  actionB: {fileID: 0}
--- !u!114 &1953024213
MonoBehaviour:
  m_ObjectHideFlags: 0
  m_CorrespondingSourceObject: {fileID: 0}
  m_PrefabInstance: {fileID: 0}
  m_PrefabAsset: {fileID: 0}
  m_GameObject: {fileID: 6078703618554320264}
  m_Enabled: 1
  m_EditorHideFlags: 0
  m_Script: {fileID: 11500000, guid: 6c93f9974e650a04d8e93f088ad1dc6a, type: 3}
  m_Name: 
  m_EditorClassIdentifier: 
  dialog: {fileID: 1953024217}
  npcSoundType: 0
--- !u!114 &1953024217
MonoBehaviour:
  m_ObjectHideFlags: 0
  m_CorrespondingSourceObject: {fileID: 0}
  m_PrefabInstance: {fileID: 0}
  m_PrefabAsset: {fileID: 0}
  m_GameObject: {fileID: 6078703618554320264}
  m_Enabled: 1
  m_EditorHideFlags: 0
  m_Script: {fileID: 11500000, guid: 2c23b2cf5b3556b4eb68a3eaa53fd90f, type: 3}
  m_Name: 
  m_EditorClassIdentifier: 
  dialogArray:
  - name: 5
    message: "\u041E\u043F\u0430 \u043A\u043E\u0444\u0435\u0451\u043A! \u0417\u0430\u0435\u0431\u0438\u0441\u044C..."
  defaultDialog:
    name: 5
    message: "\u0416\u0430\u043B\u044C \u043D\u0435\u0442 \u0431\u043E\u043B\u044C\u0448\u0435
      \u0434\u0435\u043D\u0435\u0433. \u041C\u043E\u0436\u0435\u0442 \u0437\u0430\u043D\u044F\u0442\u044C
      ? \u0414\u0430 \u043D\u0443 \u043D\u0430\u0444\u0438\u043A."
--- !u!1 &7261839198974722010
GameObject:
  m_ObjectHideFlags: 0
  m_CorrespondingSourceObject: {fileID: 0}
  m_PrefabInstance: {fileID: 0}
  m_PrefabAsset: {fileID: 0}
  serializedVersion: 6
  m_Component:
  - component: {fileID: 5079824102879738878}
  - component: {fileID: 6369499480288001342}
  - component: {fileID: 40862421610378496}
  - component: {fileID: 2070221700032268558}
  - component: {fileID: 7771348850843399132}
  m_Layer: 0
  m_Name: findKeyObject
  m_TagString: Untagged
  m_Icon: {fileID: 5132851093641282708, guid: 0000000000000000d000000000000000, type: 0}
  m_NavMeshLayer: 0
  m_StaticEditorFlags: 0
  m_IsActive: 0
--- !u!4 &5079824102879738878
Transform:
  m_ObjectHideFlags: 0
  m_CorrespondingSourceObject: {fileID: 0}
  m_PrefabInstance: {fileID: 0}
  m_PrefabAsset: {fileID: 0}
  m_GameObject: {fileID: 7261839198974722010}
  m_LocalRotation: {x: -0, y: -0, z: -0, w: 1}
  m_LocalPosition: {x: 24.036, y: 1.6724184, z: -1.3310549}
  m_LocalScale: {x: 1, y: 1, z: 1}
  m_Children: []
  m_Father: {fileID: 8567090510199614285}
  m_RootOrder: 12
  m_LocalEulerAnglesHint: {x: 0, y: 0, z: 0}
--- !u!61 &6369499480288001342
BoxCollider2D:
  m_ObjectHideFlags: 0
  m_CorrespondingSourceObject: {fileID: 0}
  m_PrefabInstance: {fileID: 0}
  m_PrefabAsset: {fileID: 0}
  m_GameObject: {fileID: 7261839198974722010}
  m_Enabled: 1
  m_Density: 1
  m_Material: {fileID: 0}
  m_IsTrigger: 1
  m_UsedByEffector: 0
  m_UsedByComposite: 0
  m_Offset: {x: 0, y: 0}
  m_SpriteTilingProperty:
    border: {x: 0, y: 0, z: 0, w: 0}
    pivot: {x: 0, y: 0}
    oldSize: {x: 0, y: 0}
    newSize: {x: 0, y: 0}
    adaptiveTilingThreshold: 0
    drawMode: 0
    adaptiveTiling: 0
  m_AutoTiling: 0
  serializedVersion: 2
  m_Size: {x: 1, y: 1}
  m_EdgeRadius: 0
--- !u!114 &40862421610378496
MonoBehaviour:
  m_ObjectHideFlags: 0
  m_CorrespondingSourceObject: {fileID: 0}
  m_PrefabInstance: {fileID: 0}
  m_PrefabAsset: {fileID: 0}
  m_GameObject: {fileID: 7261839198974722010}
  m_Enabled: 1
  m_EditorHideFlags: 0
  m_Script: {fileID: 11500000, guid: 127472d0f32d3fd4aafdcb544c83f40e, type: 3}
  m_Name: 
  m_EditorClassIdentifier: 
  condition: 1
  btnName: 7
  actionA: {fileID: 2070221700032268558}
  actionB: {fileID: 0}
--- !u!114 &2070221700032268558
MonoBehaviour:
  m_ObjectHideFlags: 0
  m_CorrespondingSourceObject: {fileID: 0}
  m_PrefabInstance: {fileID: 0}
  m_PrefabAsset: {fileID: 0}
  m_GameObject: {fileID: 7261839198974722010}
  m_Enabled: 1
  m_EditorHideFlags: 0
  m_Script: {fileID: 11500000, guid: 98ad77cca1a0ada4a8030155d52550e7, type: 3}
  m_Name: 
  m_EditorClassIdentifier: 
  doorTrigger: {fileID: 0}
  dialog: {fileID: 7771348850843399132}
--- !u!114 &7771348850843399132
MonoBehaviour:
  m_ObjectHideFlags: 0
  m_CorrespondingSourceObject: {fileID: 0}
  m_PrefabInstance: {fileID: 0}
  m_PrefabAsset: {fileID: 0}
  m_GameObject: {fileID: 7261839198974722010}
  m_Enabled: 1
  m_EditorHideFlags: 0
  m_Script: {fileID: 11500000, guid: 2c23b2cf5b3556b4eb68a3eaa53fd90f, type: 3}
  m_Name: 
  m_EditorClassIdentifier: 
  dialogArray:
  - name: 5
    message: "\u0412\u043E\u0442 \u043E\u043D! \u0421\u0443\u043A\u0430. \u041A\u0440\u0443\u0433\u043E\u043C
      \u043E\u0434\u043D\u0438 \u0440\u0430\u0437\u044A\u0435\u0431\u0430\u0438.
      \u041A\u0430\u043A \u043C\u043E\u0436\u043D\u043E \u0442\u0443\u0442 \u0435\u0433\u043E
      \u0443\u0440\u043E\u043D\u0438\u0442\u044C."
  - name: 5
    message: "\u0422\u0435\u043F\u0435\u0440\u044C \u043D\u0430\u0434\u043E \u043F\u043E\u043F\u0430\u0441\u0442\u044C
      \u043D\u0430 \u0441\u0442\u0430\u043D\u0446\u0438\u044E \u0438 \u0437\u0430\u043A\u0440\u043E\u0441\u0441\u0438\u0440\u043E\u0432\u0430\u0442\u044C!"
  defaultDialog:
    name: 5
    message: ...
--- !u!1 &8337505731709859169
GameObject:
  m_ObjectHideFlags: 0
  m_CorrespondingSourceObject: {fileID: 0}
  m_PrefabInstance: {fileID: 0}
  m_PrefabAsset: {fileID: 0}
  serializedVersion: 6
  m_Component:
  - component: {fileID: 339858910657872631}
  - component: {fileID: 4524020045319898246}
  - component: {fileID: 3593176291777326650}
  - component: {fileID: 4354426938708591877}
  m_Layer: 0
  m_Name: QuestPostItem
  m_TagString: Untagged
  m_Icon: {fileID: 5132851093641282708, guid: 0000000000000000d000000000000000, type: 0}
  m_NavMeshLayer: 0
  m_StaticEditorFlags: 0
  m_IsActive: 0
--- !u!4 &339858910657872631
Transform:
  m_ObjectHideFlags: 0
  m_CorrespondingSourceObject: {fileID: 0}
  m_PrefabInstance: {fileID: 0}
  m_PrefabAsset: {fileID: 0}
  m_GameObject: {fileID: 8337505731709859169}
  m_LocalRotation: {x: -0, y: -0, z: -0, w: 1}
  m_LocalPosition: {x: 11.12, y: 1.73, z: -3.0312505}
  m_LocalScale: {x: 1, y: 1, z: 1}
  m_Children: []
  m_Father: {fileID: 8567090510199614285}
  m_RootOrder: 8
  m_LocalEulerAnglesHint: {x: 0, y: 0, z: 0}
--- !u!61 &4524020045319898246
BoxCollider2D:
  m_ObjectHideFlags: 0
  m_CorrespondingSourceObject: {fileID: 0}
  m_PrefabInstance: {fileID: 0}
  m_PrefabAsset: {fileID: 0}
  m_GameObject: {fileID: 8337505731709859169}
  m_Enabled: 1
  m_Density: 1
  m_Material: {fileID: 0}
  m_IsTrigger: 1
  m_UsedByEffector: 0
  m_UsedByComposite: 0
  m_Offset: {x: 0, y: 0}
  m_SpriteTilingProperty:
    border: {x: 0, y: 0, z: 0, w: 0}
    pivot: {x: 0, y: 0}
    oldSize: {x: 0, y: 0}
    newSize: {x: 0, y: 0}
    adaptiveTilingThreshold: 0
    drawMode: 0
    adaptiveTiling: 0
  m_AutoTiling: 0
  serializedVersion: 2
  m_Size: {x: 0.5, y: 1}
  m_EdgeRadius: 0
--- !u!114 &3593176291777326650
MonoBehaviour:
  m_ObjectHideFlags: 0
  m_CorrespondingSourceObject: {fileID: 0}
  m_PrefabInstance: {fileID: 0}
  m_PrefabAsset: {fileID: 0}
  m_GameObject: {fileID: 8337505731709859169}
  m_Enabled: 1
  m_EditorHideFlags: 0
  m_Script: {fileID: 11500000, guid: 127472d0f32d3fd4aafdcb544c83f40e, type: 3}
  m_Name: 
  m_EditorClassIdentifier: 
  condition: 1
  btnName: 7
  actionA: {fileID: 4354426938708591877}
  actionB: {fileID: 0}
--- !u!114 &4354426938708591877
MonoBehaviour:
  m_ObjectHideFlags: 0
  m_CorrespondingSourceObject: {fileID: 0}
  m_PrefabInstance: {fileID: 0}
  m_PrefabAsset: {fileID: 0}
  m_GameObject: {fileID: 8337505731709859169}
  m_Enabled: 1
  m_EditorHideFlags: 0
  m_Script: {fileID: 11500000, guid: 8faf875f5b6be0e43ab1f06aeb972399, type: 3}
  m_Name: 
  m_EditorClassIdentifier: 
--- !u!1 &8567090509960612112
GameObject:
  m_ObjectHideFlags: 0
  m_CorrespondingSourceObject: {fileID: 0}
  m_PrefabInstance: {fileID: 0}
  m_PrefabAsset: {fileID: 0}
  serializedVersion: 6
  m_Component:
  - component: {fileID: 8567090509960612115}
  - component: {fileID: 8567090509960612114}
  m_Layer: 0
  m_Name: S0_0_wall_1
  m_TagString: Untagged
  m_Icon: {fileID: 0}
  m_NavMeshLayer: 0
  m_StaticEditorFlags: 0
  m_IsActive: 1
--- !u!4 &8567090509960612115
Transform:
  m_ObjectHideFlags: 0
  m_CorrespondingSourceObject: {fileID: 0}
  m_PrefabInstance: {fileID: 0}
  m_PrefabAsset: {fileID: 0}
  m_GameObject: {fileID: 8567090509960612112}
  m_LocalRotation: {x: 0, y: 0, z: 0, w: 1}
  m_LocalPosition: {x: -6.57, y: -0.128, z: 0}
  m_LocalScale: {x: 1, y: 5, z: 1}
  m_Children: []
  m_Father: {fileID: 8567090510241093864}
  m_RootOrder: 0
  m_LocalEulerAnglesHint: {x: 0, y: 0, z: 0}
--- !u!61 &8567090509960612114
BoxCollider2D:
  m_ObjectHideFlags: 0
  m_CorrespondingSourceObject: {fileID: 0}
  m_PrefabInstance: {fileID: 0}
  m_PrefabAsset: {fileID: 0}
  m_GameObject: {fileID: 8567090509960612112}
  m_Enabled: 1
  m_Density: 1
  m_Material: {fileID: 0}
  m_IsTrigger: 0
  m_UsedByEffector: 0
  m_UsedByComposite: 0
  m_Offset: {x: 0, y: 0}
  m_SpriteTilingProperty:
    border: {x: 0, y: 0, z: 0, w: 0}
    pivot: {x: 0, y: 0}
    oldSize: {x: 0, y: 0}
    newSize: {x: 0, y: 0}
    adaptiveTilingThreshold: 0
    drawMode: 0
    adaptiveTiling: 0
  m_AutoTiling: 0
  serializedVersion: 2
  m_Size: {x: 1, y: 1}
  m_EdgeRadius: 0
--- !u!1 &8567090510199614274
GameObject:
  m_ObjectHideFlags: 0
  m_CorrespondingSourceObject: {fileID: 0}
  m_PrefabInstance: {fileID: 0}
  m_PrefabAsset: {fileID: 0}
  serializedVersion: 6
  m_Component:
  - component: {fileID: 8567090510199614285}
  - component: {fileID: 2106853355010152598}
  - component: {fileID: 2106853355010152599}
  - component: {fileID: 6957481727345846935}
  m_Layer: 14
  m_Name: Scene1_outdor
  m_TagString: Untagged
  m_Icon: {fileID: -964228994112308473, guid: 0000000000000000d000000000000000, type: 0}
  m_NavMeshLayer: 0
  m_StaticEditorFlags: 0
  m_IsActive: 0
--- !u!4 &8567090510199614285
Transform:
  m_ObjectHideFlags: 0
  m_CorrespondingSourceObject: {fileID: 0}
  m_PrefabInstance: {fileID: 0}
  m_PrefabAsset: {fileID: 0}
  m_GameObject: {fileID: 8567090510199614274}
  m_LocalRotation: {x: 0, y: 0, z: 0, w: 1}
  m_LocalPosition: {x: 0, y: -1.12, z: 0}
  m_LocalScale: {x: 1, y: 1, z: 1}
  m_Children:
  - {fileID: 8567090510241093864}
  - {fileID: 221359858049788780}
  - {fileID: 654992317598946994}
  - {fileID: 914458609942647991}
  - {fileID: 539559716357425065}
  - {fileID: 7491308260083396034}
  - {fileID: 1085900762761132858}
  - {fileID: 702862229719412886}
  - {fileID: 339858910657872631}
  - {fileID: 4914505495837398811}
  - {fileID: 419828261654656233}
  - {fileID: 7953290205015577635}
  - {fileID: 5079824102879738878}
  - {fileID: 6614046904518564217}
  m_Father: {fileID: 0}
  m_RootOrder: 0
  m_LocalEulerAnglesHint: {x: 0, y: 0, z: 0}
--- !u!60 &2106853355010152598
PolygonCollider2D:
  m_ObjectHideFlags: 0
  m_CorrespondingSourceObject: {fileID: 0}
  m_PrefabInstance: {fileID: 0}
  m_PrefabAsset: {fileID: 0}
  m_GameObject: {fileID: 8567090510199614274}
  m_Enabled: 1
  m_Density: 1
  m_Material: {fileID: 0}
  m_IsTrigger: 0
  m_UsedByEffector: 0
  m_UsedByComposite: 0
  m_Offset: {x: 0, y: 0}
  m_SpriteTilingProperty:
    border: {x: 0, y: 0, z: 0, w: 0}
    pivot: {x: 0, y: 0}
    oldSize: {x: 27.65625, y: 7.5}
    newSize: {x: 27.65625, y: 7.5}
    adaptiveTilingThreshold: 0.5
    drawMode: 0
    adaptiveTiling: 0
  m_AutoTiling: 0
  m_Points:
    m_Paths:
    - - {x: 27.6672, y: 7.4976773}
      - {x: -0.003975928, y: 7.462216}
      - {x: 0.011713564, y: 0.04473591}
      - {x: 27.63766, y: -0.009713411}
--- !u!114 &2106853355010152599
MonoBehaviour:
  m_ObjectHideFlags: 0
  m_CorrespondingSourceObject: {fileID: 0}
  m_PrefabInstance: {fileID: 0}
  m_PrefabAsset: {fileID: 0}
  m_GameObject: {fileID: 8567090510199614274}
  m_Enabled: 1
  m_EditorHideFlags: 0
  m_Script: {fileID: 11500000, guid: 6b6a2e16cddac024b93635664c0cbee7, type: 3}
  m_Name: 
  m_EditorClassIdentifier: 
--- !u!212 &6957481727345846935
SpriteRenderer:
  m_ObjectHideFlags: 0
  m_CorrespondingSourceObject: {fileID: 0}
  m_PrefabInstance: {fileID: 0}
  m_PrefabAsset: {fileID: 0}
  m_GameObject: {fileID: 8567090510199614274}
  m_Enabled: 1
  m_CastShadows: 0
  m_ReceiveShadows: 0
  m_DynamicOccludee: 1
  m_MotionVectors: 1
  m_LightProbeUsage: 1
  m_ReflectionProbeUsage: 1
  m_RayTracingMode: 0
  m_RenderingLayerMask: 1
  m_RendererPriority: 0
  m_Materials:
  - {fileID: 10754, guid: 0000000000000000f000000000000000, type: 0}
  m_StaticBatchInfo:
    firstSubMesh: 0
    subMeshCount: 0
  m_StaticBatchRoot: {fileID: 0}
  m_ProbeAnchor: {fileID: 0}
  m_LightProbeVolumeOverride: {fileID: 0}
  m_ScaleInLightmap: 1
  m_ReceiveGI: 1
  m_PreserveUVs: 0
  m_IgnoreNormalsForChartDetection: 0
  m_ImportantGI: 0
  m_StitchLightmapSeams: 1
  m_SelectedEditorRenderState: 0
  m_MinimumChartSize: 4
  m_AutoUVMaxDistance: 0.5
  m_AutoUVMaxAngle: 89
  m_LightmapParameters: {fileID: 0}
  m_SortingLayerID: 0
  m_SortingLayer: 0
  m_SortingOrder: 0
  m_Sprite: {fileID: -4210355127586358355, guid: 37e896203807684429547b23afc96e41,
    type: 3}
  m_Color: {r: 1, g: 1, b: 1, a: 1}
  m_FlipX: 0
  m_FlipY: 0
  m_DrawMode: 0
  m_Size: {x: 27.65625, y: 7.5}
  m_AdaptiveModeThreshold: 0.5
  m_SpriteTileMode: 0
  m_WasSpriteAssigned: 1
  m_MaskInteraction: 0
  m_SpriteSortPoint: 0
--- !u!1 &8567090510241093865
GameObject:
  m_ObjectHideFlags: 0
  m_CorrespondingSourceObject: {fileID: 0}
  m_PrefabInstance: {fileID: 0}
  m_PrefabAsset: {fileID: 0}
  serializedVersion: 6
  m_Component:
  - component: {fileID: 8567090510241093864}
  m_Layer: 0
  m_Name: Walls
  m_TagString: Untagged
  m_Icon: {fileID: 0}
  m_NavMeshLayer: 0
  m_StaticEditorFlags: 0
  m_IsActive: 1
--- !u!4 &8567090510241093864
Transform:
  m_ObjectHideFlags: 0
  m_CorrespondingSourceObject: {fileID: 0}
  m_PrefabInstance: {fileID: 0}
  m_PrefabAsset: {fileID: 0}
  m_GameObject: {fileID: 8567090510241093865}
  m_LocalRotation: {x: 0, y: 0, z: 0, w: 1}
  m_LocalPosition: {x: 6.08, y: 3.743, z: -1.25}
  m_LocalScale: {x: 1, y: 1, z: 1}
  m_Children:
  - {fileID: 8567090509960612115}
  - {fileID: 8567090511174233079}
  m_Father: {fileID: 8567090510199614285}
  m_RootOrder: 0
  m_LocalEulerAnglesHint: {x: 0, y: 0, z: 0}
--- !u!1 &8567090511174233076
GameObject:
  m_ObjectHideFlags: 0
  m_CorrespondingSourceObject: {fileID: 0}
  m_PrefabInstance: {fileID: 0}
  m_PrefabAsset: {fileID: 0}
  serializedVersion: 6
  m_Component:
  - component: {fileID: 8567090511174233079}
  - component: {fileID: 8567090511174233078}
  m_Layer: 0
  m_Name: S0_0_wall_2
  m_TagString: Untagged
  m_Icon: {fileID: 0}
  m_NavMeshLayer: 0
  m_StaticEditorFlags: 0
  m_IsActive: 1
--- !u!4 &8567090511174233079
Transform:
  m_ObjectHideFlags: 0
  m_CorrespondingSourceObject: {fileID: 0}
  m_PrefabInstance: {fileID: 0}
  m_PrefabAsset: {fileID: 0}
  m_GameObject: {fileID: 8567090511174233076}
  m_LocalRotation: {x: 0, y: 0, z: 0, w: 1}
  m_LocalPosition: {x: 21.88, y: -0.128, z: 0}
  m_LocalScale: {x: 1, y: 5, z: 1}
  m_Children: []
  m_Father: {fileID: 8567090510241093864}
  m_RootOrder: 1
  m_LocalEulerAnglesHint: {x: 0, y: 0, z: 0}
--- !u!61 &8567090511174233078
BoxCollider2D:
  m_ObjectHideFlags: 0
  m_CorrespondingSourceObject: {fileID: 0}
  m_PrefabInstance: {fileID: 0}
  m_PrefabAsset: {fileID: 0}
  m_GameObject: {fileID: 8567090511174233076}
  m_Enabled: 1
  m_Density: 1
  m_Material: {fileID: 0}
  m_IsTrigger: 0
  m_UsedByEffector: 0
  m_UsedByComposite: 0
  m_Offset: {x: 0, y: 0}
  m_SpriteTilingProperty:
    border: {x: 0, y: 0, z: 0, w: 0}
    pivot: {x: 0, y: 0}
    oldSize: {x: 0, y: 0}
    newSize: {x: 0, y: 0}
    adaptiveTilingThreshold: 0
    drawMode: 0
    adaptiveTiling: 0
  m_AutoTiling: 0
  serializedVersion: 2
  m_Size: {x: 1, y: 1}
  m_EdgeRadius: 0
--- !u!1001 &1187164934454065508
PrefabInstance:
  m_ObjectHideFlags: 0
  serializedVersion: 2
  m_Modification:
    m_TransformParent: {fileID: 8567090510199614285}
    m_Modifications:
    - target: {fileID: 1399429442987201032, guid: 13a86b80a1832624b9580dfd30fa188b,
        type: 3}
      propertyPath: m_LocalPosition.x
      value: 15.96
      objectReference: {fileID: 0}
    - target: {fileID: 1399429442987201032, guid: 13a86b80a1832624b9580dfd30fa188b,
        type: 3}
      propertyPath: m_LocalPosition.y
      value: 2.87
      objectReference: {fileID: 0}
    - target: {fileID: 1399429442987201032, guid: 13a86b80a1832624b9580dfd30fa188b,
        type: 3}
      propertyPath: m_LocalPosition.z
      value: 0
      objectReference: {fileID: 0}
    - target: {fileID: 1399429442987201032, guid: 13a86b80a1832624b9580dfd30fa188b,
        type: 3}
      propertyPath: m_LocalRotation.x
      value: 0
      objectReference: {fileID: 0}
    - target: {fileID: 1399429442987201032, guid: 13a86b80a1832624b9580dfd30fa188b,
        type: 3}
      propertyPath: m_LocalRotation.y
      value: 0
      objectReference: {fileID: 0}
    - target: {fileID: 1399429442987201032, guid: 13a86b80a1832624b9580dfd30fa188b,
        type: 3}
      propertyPath: m_LocalRotation.z
      value: 0
      objectReference: {fileID: 0}
    - target: {fileID: 1399429442987201032, guid: 13a86b80a1832624b9580dfd30fa188b,
        type: 3}
      propertyPath: m_LocalRotation.w
      value: 1
      objectReference: {fileID: 0}
    - target: {fileID: 1399429442987201032, guid: 13a86b80a1832624b9580dfd30fa188b,
        type: 3}
      propertyPath: m_RootOrder
      value: 1
      objectReference: {fileID: 0}
    - target: {fileID: 1399429442987201032, guid: 13a86b80a1832624b9580dfd30fa188b,
        type: 3}
      propertyPath: m_LocalEulerAnglesHint.x
      value: 0
      objectReference: {fileID: 0}
    - target: {fileID: 1399429442987201032, guid: 13a86b80a1832624b9580dfd30fa188b,
        type: 3}
      propertyPath: m_LocalEulerAnglesHint.y
      value: 0
      objectReference: {fileID: 0}
    - target: {fileID: 1399429442987201032, guid: 13a86b80a1832624b9580dfd30fa188b,
        type: 3}
      propertyPath: m_LocalEulerAnglesHint.z
      value: 0
      objectReference: {fileID: 0}
    - target: {fileID: 1399429442987201032, guid: 13a86b80a1832624b9580dfd30fa188b,
        type: 3}
      propertyPath: m_LocalScale.x
      value: 0.5
      objectReference: {fileID: 0}
    - target: {fileID: 5488973761571677318, guid: 13a86b80a1832624b9580dfd30fa188b,
        type: 3}
      propertyPath: m_Name
      value: S1_Outdoor_post
      objectReference: {fileID: 0}
    - target: {fileID: 7228217847998679946, guid: 13a86b80a1832624b9580dfd30fa188b,
        type: 3}
      propertyPath: nextPlayerPos.x
      value: 27.94
      objectReference: {fileID: 0}
    - target: {fileID: 7228217847998679946, guid: 13a86b80a1832624b9580dfd30fa188b,
        type: 3}
      propertyPath: postAction
      value: 0
      objectReference: {fileID: 0}
    - target: {fileID: 7228217847998679946, guid: 13a86b80a1832624b9580dfd30fa188b,
        type: 3}
      propertyPath: nextPlayerPos.y
      value: 1.5425
      objectReference: {fileID: 0}
    - target: {fileID: 7228217847998679946, guid: 13a86b80a1832624b9580dfd30fa188b,
        type: 3}
      propertyPath: nextPlayerDirection
      value: 1
      objectReference: {fileID: 0}
    - target: {fileID: 7228217847998679946, guid: 13a86b80a1832624b9580dfd30fa188b,
        type: 3}
      propertyPath: parentScene
      value: 
      objectReference: {fileID: 2106853355010152599}
    m_RemovedComponents: []
  m_SourcePrefab: {fileID: 100100000, guid: 13a86b80a1832624b9580dfd30fa188b, type: 3}
--- !u!4 &221359858049788780 stripped
Transform:
  m_CorrespondingSourceObject: {fileID: 1399429442987201032, guid: 13a86b80a1832624b9580dfd30fa188b,
    type: 3}
  m_PrefabInstance: {fileID: 1187164934454065508}
  m_PrefabAsset: {fileID: 0}
--- !u!1001 &1908617646243431610
PrefabInstance:
  m_ObjectHideFlags: 0
  serializedVersion: 2
  m_Modification:
    m_TransformParent: {fileID: 8567090510199614285}
    m_Modifications:
    - target: {fileID: 1399429442987201032, guid: 13a86b80a1832624b9580dfd30fa188b,
        type: 3}
      propertyPath: m_LocalPosition.x
      value: 4.95
      objectReference: {fileID: 0}
    - target: {fileID: 1399429442987201032, guid: 13a86b80a1832624b9580dfd30fa188b,
        type: 3}
      propertyPath: m_LocalPosition.y
      value: 2.87
      objectReference: {fileID: 0}
    - target: {fileID: 1399429442987201032, guid: 13a86b80a1832624b9580dfd30fa188b,
        type: 3}
      propertyPath: m_LocalPosition.z
      value: 0
      objectReference: {fileID: 0}
    - target: {fileID: 1399429442987201032, guid: 13a86b80a1832624b9580dfd30fa188b,
        type: 3}
      propertyPath: m_LocalRotation.x
      value: 0
      objectReference: {fileID: 0}
    - target: {fileID: 1399429442987201032, guid: 13a86b80a1832624b9580dfd30fa188b,
        type: 3}
      propertyPath: m_LocalRotation.y
      value: 0
      objectReference: {fileID: 0}
    - target: {fileID: 1399429442987201032, guid: 13a86b80a1832624b9580dfd30fa188b,
        type: 3}
      propertyPath: m_LocalRotation.z
      value: 0
      objectReference: {fileID: 0}
    - target: {fileID: 1399429442987201032, guid: 13a86b80a1832624b9580dfd30fa188b,
        type: 3}
      propertyPath: m_LocalRotation.w
      value: 1
      objectReference: {fileID: 0}
    - target: {fileID: 1399429442987201032, guid: 13a86b80a1832624b9580dfd30fa188b,
        type: 3}
      propertyPath: m_RootOrder
      value: 2
      objectReference: {fileID: 0}
    - target: {fileID: 1399429442987201032, guid: 13a86b80a1832624b9580dfd30fa188b,
        type: 3}
      propertyPath: m_LocalEulerAnglesHint.x
      value: 0
      objectReference: {fileID: 0}
    - target: {fileID: 1399429442987201032, guid: 13a86b80a1832624b9580dfd30fa188b,
        type: 3}
      propertyPath: m_LocalEulerAnglesHint.y
      value: 0
      objectReference: {fileID: 0}
    - target: {fileID: 1399429442987201032, guid: 13a86b80a1832624b9580dfd30fa188b,
        type: 3}
      propertyPath: m_LocalEulerAnglesHint.z
      value: 0
      objectReference: {fileID: 0}
    - target: {fileID: 1399429442987201032, guid: 13a86b80a1832624b9580dfd30fa188b,
        type: 3}
      propertyPath: m_LocalScale.x
      value: 0.5
      objectReference: {fileID: 0}
    - target: {fileID: 5488973761571677318, guid: 13a86b80a1832624b9580dfd30fa188b,
        type: 3}
      propertyPath: m_Name
      value: S1_Outdoor_outdoorStation
      objectReference: {fileID: 0}
    - target: {fileID: 5488973761571677318, guid: 13a86b80a1832624b9580dfd30fa188b,
        type: 3}
      propertyPath: m_IsActive
      value: 0
      objectReference: {fileID: 0}
    - target: {fileID: 7228217847998679946, guid: 13a86b80a1832624b9580dfd30fa188b,
        type: 3}
      propertyPath: nextPlayerPos.x
      value: 27.94
      objectReference: {fileID: 0}
    - target: {fileID: 7228217847998679946, guid: 13a86b80a1832624b9580dfd30fa188b,
        type: 3}
      propertyPath: postAction
      value: 0
      objectReference: {fileID: 0}
    - target: {fileID: 7228217847998679946, guid: 13a86b80a1832624b9580dfd30fa188b,
        type: 3}
      propertyPath: nextPlayerPos.y
      value: 1.5425
      objectReference: {fileID: 0}
    - target: {fileID: 7228217847998679946, guid: 13a86b80a1832624b9580dfd30fa188b,
        type: 3}
      propertyPath: nextPlayerDirection
      value: 1
      objectReference: {fileID: 0}
    - target: {fileID: 7228217847998679946, guid: 13a86b80a1832624b9580dfd30fa188b,
        type: 3}
      propertyPath: parentScene
      value: 
      objectReference: {fileID: 2106853355010152599}
    - target: {fileID: 7228217847998679946, guid: 13a86b80a1832624b9580dfd30fa188b,
        type: 3}
      propertyPath: doorSound
      value: 3
      objectReference: {fileID: 0}
    m_RemovedComponents: []
  m_SourcePrefab: {fileID: 100100000, guid: 13a86b80a1832624b9580dfd30fa188b, type: 3}
--- !u!4 &654992317598946994 stripped
Transform:
  m_CorrespondingSourceObject: {fileID: 1399429442987201032, guid: 13a86b80a1832624b9580dfd30fa188b,
    type: 3}
  m_PrefabInstance: {fileID: 1908617646243431610}
  m_PrefabAsset: {fileID: 0}
--- !u!1 &6219476784678346812 stripped
GameObject:
  m_CorrespondingSourceObject: {fileID: 5488973761571677318, guid: 13a86b80a1832624b9580dfd30fa188b,
    type: 3}
  m_PrefabInstance: {fileID: 1908617646243431610}
  m_PrefabAsset: {fileID: 0}
--- !u!1001 &7862000630247017033
PrefabInstance:
  m_ObjectHideFlags: 0
  serializedVersion: 2
  m_Modification:
    m_TransformParent: {fileID: 8567090510199614285}
    m_Modifications:
    - target: {fileID: 2009261634796494028, guid: bbaf18a0998bbd14ab1197461f0a298a,
        type: 3}
      propertyPath: m_Name
      value: ExitSpriteWrap
      objectReference: {fileID: 0}
    - target: {fileID: 3950430340079457072, guid: bbaf18a0998bbd14ab1197461f0a298a,
        type: 3}
      propertyPath: m_LocalPosition.x
      value: 0.7
      objectReference: {fileID: 0}
    - target: {fileID: 3950430340079457072, guid: bbaf18a0998bbd14ab1197461f0a298a,
        type: 3}
      propertyPath: m_LocalPosition.y
      value: 5
      objectReference: {fileID: 0}
    - target: {fileID: 3950430340079457072, guid: bbaf18a0998bbd14ab1197461f0a298a,
        type: 3}
      propertyPath: m_LocalPosition.z
      value: 0
      objectReference: {fileID: 0}
    - target: {fileID: 3950430340079457072, guid: bbaf18a0998bbd14ab1197461f0a298a,
        type: 3}
      propertyPath: m_LocalRotation.x
      value: -0
      objectReference: {fileID: 0}
    - target: {fileID: 3950430340079457072, guid: bbaf18a0998bbd14ab1197461f0a298a,
        type: 3}
      propertyPath: m_LocalRotation.y
      value: -0
      objectReference: {fileID: 0}
    - target: {fileID: 3950430340079457072, guid: bbaf18a0998bbd14ab1197461f0a298a,
        type: 3}
      propertyPath: m_LocalRotation.z
      value: -0
      objectReference: {fileID: 0}
    - target: {fileID: 3950430340079457072, guid: bbaf18a0998bbd14ab1197461f0a298a,
        type: 3}
      propertyPath: m_LocalRotation.w
      value: 1
      objectReference: {fileID: 0}
    - target: {fileID: 3950430340079457072, guid: bbaf18a0998bbd14ab1197461f0a298a,
        type: 3}
      propertyPath: m_RootOrder
      value: 13
      objectReference: {fileID: 0}
    - target: {fileID: 3950430340079457072, guid: bbaf18a0998bbd14ab1197461f0a298a,
        type: 3}
      propertyPath: m_LocalEulerAnglesHint.x
      value: 0
      objectReference: {fileID: 0}
    - target: {fileID: 3950430340079457072, guid: bbaf18a0998bbd14ab1197461f0a298a,
        type: 3}
      propertyPath: m_LocalEulerAnglesHint.y
      value: 0
      objectReference: {fileID: 0}
    - target: {fileID: 3950430340079457072, guid: bbaf18a0998bbd14ab1197461f0a298a,
        type: 3}
      propertyPath: m_LocalEulerAnglesHint.z
      value: 0
      objectReference: {fileID: 0}
    m_RemovedComponents: []
  m_SourcePrefab: {fileID: 100100000, guid: bbaf18a0998bbd14ab1197461f0a298a, type: 3}
--- !u!4 &6614046904518564217 stripped
Transform:
  m_CorrespondingSourceObject: {fileID: 3950430340079457072, guid: bbaf18a0998bbd14ab1197461f0a298a,
    type: 3}
  m_PrefabInstance: {fileID: 7862000630247017033}
  m_PrefabAsset: {fileID: 0}
